@article{lubensky98,
	author = "T. C. Lubensky and David Petty and Nathan Currier and Holger
		   Stark",
	title = "Topological defects and interactions in nematic emulsions",
	journal = "Physical Review E",
	volume = "57",
	number = "1",
	year = "1998",
	pages = "610"
}

@article{chuang91,
	author = "Issac Chuang and Ruth Durrer and Neil Turok and Bernard Yurke",
	journal = "Science",
	volume = "251",
	pages = "1336",
	year = "1991"
}

@article{moreno11,
	author = "J. A. Moreno-Razo and E. J. Sambriski and G. M. Koenig and E.
	D\'{\i}az-Herrera and N. L. Abott and J. J. de Pablo",
	journal = "Soft Matter",
	volume = "7",
	pages = "6828",
	year = "2011"
}

@article{billeter00,
	author = "Jeffrey L. Billeter and Robert A. Pelcovits",
	journal = "Physical Review E",
	volume = "62",
	number = "1",
	pages = "711",
	year = "2000"
}

@article{conklin17,
	author = "Christopher Conklin and Jorge Vinals",
	journal = "Soft Matter",
	volume = "13",
	pages = "725",
	year = "2017"
}

@report{andrienko06,
	author = "Dennis Andrienko",
	title = "Introduction to liquid crystals",
	institution = "International Max Planck Research School",
	year = "2006"
}

@book{degennes95,
	author = "P. G. de Gennes and J. Prost",
	title = "The Physics of Liquid Crystals",
	publisher = "Clarendon Press",
	address = "Oxford",
	edition = "second, paperback edition",
	year = "1995"
}
